Code: TATAMOTORS
Link: https://query1.finance.yahoo.com/v7/finance/options/TATAMOTORS.BO

All values in multiples of ,INR,1

BALANCE SHEETS

Date                          ,  2009-03,  2010-03,  2011-03,  2012-03,  2013-03,  2014-03,  2015-03,  2016-03,  2017-03,  2018-03,  2019-03,  2020-03,  2020-09

WorkInProgress                ,10533000000,8916000000,11457000000,15946000000,18454000000,33263000000,28640000000,25919000000,33699000000,40034000000,31884000000,35622000000,10406000000
FinishedGoods                 ,10951000000,11312000000,14071000000,18216000000,21037000000,27271000000,29272000000,32656000000,35085000000,42138000000,39014000000,37457000000,33417000000
Inventories                   ,21484000000,20228000000,25528000000,34162000000,39491000000,60534000000,57912000000,58575000000,68784000000,82172000000,70898000000,73079000000,43823000000

Cash                          ,4121000000,8743000000,11410000000,18238000000,21115000000,29712000000,32116000000,30460000000,36078000000,34614000000,32649000000,33727000000,24209000000
CurrentReceivables            ,4795000000,7191000000,6526000000,8237000000,10960000000,10574000000,12579000000,13571000000,14076000000,19893000000,18996000000,11173000000,9752000000
CurrentAdvances               ,15061000000,17599000000,11635000000,21990000000,17929000000,21063000000,26974000000,39874000000,47163000000,28326000000,28394000000,31827000000,27729000000
OtherCurrentAssets            ,-1519000000,-2400000000,7391000000,6861000000,14560000000,16765000000,3917000000,-10295000000,-9802000000,19961000000,27762000000,26958000000,30090000000
Inventories                   ,21484000000,20228000000,25528000000,34162000000,39491000000,60534000000,57912000000,58575000000,68784000000,82172000000,70898000000,73079000000,43823000000
CurrentAssets                 ,43942000000,51361000000,62490000000,89488000000,104055000000,138648000000,133498000000,132185000000,156299000000,184966000000,178699000000,176764000000,135603000000

PlantPropertyEquipment        ,62188000000,67246000000,75048000000,93873000000,107234000000,137907000000,162904000000,168941000000,163512000000,213209000000,232517000000,270579000000,152088000000
AccumulatedDepreciation       ,33269000000,34232000000,39699000000,49512000000,51723000000,68815000000,74424000000,61709000000,67568000000,91795000000,121283000000,143471000000,        0
NetPlantPropertyEquipment     ,28919000000,33014000000,35349000000,44361000000,55511000000,69092000000,88480000000,107232000000,95944000000,121414000000,111234000000,127108000000,152088000000

LongTermInvestments           ,1257000000,2219000000,2544000000,8918000000,8765000000,10687000000,15337000000,23767000000,20338000000,20813000000,15771000000,16308000000,20463000000
NetPlantPropertyEquipment     ,28919000000,33014000000,35349000000,44361000000,55511000000,69092000000,88480000000,107232000000,95944000000,121414000000,111234000000,127108000000,152088000000
LongTermAssets                ,30176000000,35233000000,37893000000,53279000000,64276000000,79779000000,103817000000,130999000000,116282000000,142227000000,127005000000,143416000000,172551000000

CurrentAssets                 ,43942000000,51361000000,62490000000,89488000000,104055000000,138648000000,133498000000,132185000000,156299000000,184966000000,178699000000,176764000000,135603000000
LongTermAssets                ,30176000000,35233000000,37893000000,53279000000,64276000000,79779000000,103817000000,130999000000,116282000000,142227000000,127005000000,143416000000,172551000000
Assets                        ,74118000000,86594000000,100383000000,142767000000,168331000000,218427000000,237315000000,263184000000,272581000000,327193000000,305704000000,320180000000,308154000000

CurrentPayables               ,18860000000,23964000000,24481000000,34977000000,42586000000,55273000000,55620000000,59745000000,59409000000,72038000000,68514000000,63627000000,53145000000
OtherCurrentLiabilities       ,14344000000,19315000000,23922000000,27942000000,34390000000,36908000000,51823000000,55127000000,76505000000,70775000000,70835000000,69554000000,89060000000
CurrentLiabilities            ,33204000000,43279000000,48403000000,62919000000,76976000000,92181000000,107443000000,114872000000,135914000000,142813000000,139349000000,133181000000,142205000000

LongTermBorrowings            ,34974000000,35108000000,32811000000,47149000000,53716000000,60642000000,73610000000,69360000000,78604000000,88950000000,106175000000,124788000000,115374000000
LongTermLiabilities           ,34974000000,35108000000,32811000000,47149000000,53716000000,60642000000,73610000000,69360000000,78604000000,88950000000,106175000000,124788000000,115374000000

CurrentLiabilities            ,33204000000,43279000000,48403000000,62919000000,76976000000,92181000000,107443000000,114872000000,135914000000,142813000000,139349000000,133181000000,142205000000
LongTermLiabilities           ,34974000000,35108000000,32811000000,47149000000,53716000000,60642000000,73610000000,69360000000,78604000000,88950000000,106175000000,124788000000,115374000000
Liabilities                   ,68178000000,78387000000,81214000000,110068000000,130692000000,152823000000,181053000000,184232000000,214518000000,231763000000,245524000000,257969000000,257579000000

CommonStock                   ,514000000,571000000,635000000,635000000,638000000,644000000,644000000,679000000,679000000,679000000,679000000,720000000,720000000
Reserves                      ,5427000000,7636000000,18534000000,32064000000,36999000000,64960000000,55618000000,78273000000,57383000000,94749000000,59500000000,61491000000,49856000000
Equity                        ,5941000000,8207000000,19169000000,32699000000,37637000000,65604000000,56262000000,78952000000,58062000000,95428000000,60179000000,62211000000,50576000000



PROFIT LOSS - ANNUAL

Begin Date                    ,  2008-03,  2009-03,  2010-03,  2011-03,  2012-03,  2013-03,  2014-03,  2015-03,  2016-03,  2017-03,  2018-03,  2019-03
End Date                      ,  2009-03,  2010-03,  2011-03,  2012-03,  2013-03,  2014-03,  2015-03,  2016-03,  2017-03,  2018-03,  2019-03,  2020-03

OperatingRevenue              ,70881000000,92519000000,122128000000,165654000000,188793000000,232834000000,263159000000,273046000000,269693000000,291550000000,301938000000,261068000000
Revenue                       ,70881000000,92519000000,122128000000,165654000000,188793000000,232834000000,263159000000,273046000000,269693000000,291550000000,301938000000,261068000000

CostMaterial                  ,47172280000,55933020000,68451500000,94669740000,105137280000,122818900000,136664400000,140790000000,148906020000,167512320000,180557000000,155733760000
DirectExpenses                ,2774840000,3389880000,4212400000,4303170000,4928310000,11885700000,15682800000,11732500000,9606840000,10469520000,11111200000,12166700000
COGS                          ,49947120000,59322900000,72663900000,98972910000,110065590000,134704600000,152347200000,152522500000,158512860000,177981840000,191668200000,167900460000

Revenue                       ,70881000000,92519000000,122128000000,165654000000,188793000000,232834000000,263159000000,273046000000,269693000000,291550000000,301938000000,261068000000
COGS                          ,49947120000,59322900000,72663900000,98972910000,110065590000,134704600000,152347200000,152522500000,158512860000,177981840000,191668200000,167900460000
GrossProfit                   ,20933880000,33196100000,49464100000,66681090000,78727410000,98129400000,110811800000,120523500000,111180140000,113568160000,110269800000,93167540000

GrossProfit                   ,20933880000,33196100000,49464100000,66681090000,78727410000,98129400000,110811800000,120523500000,111180140000,113568160000,110269800000,93167540000
OtherIncome                   ,1039000000,2103000000,660000000,-74000000,293000000,-42000000,834000000,-2670000000,1937000000,7578000000,-26181000000,355000000
Salaries                      ,6937100000,8474700000,8424800000,10040730000,14784930000,17828550000,22404000000,25811500000,26418810000,26173800000,30555800000,29200080000
OtherExpenses                 ,12486780000,16949400000,24221300000,34425360000,39426480000,45561850000,49288800000,56316000000,55239330000,57582360000,55556000000,46233460000
Pbitda                        ,2549000000,9875000000,17478000000,22141000000,24809000000,34697000000,39953000000,35726000000,31459000000,37390000000,-2023000000,18089000000

Pbitda                        ,2549000000,9875000000,17478000000,22141000000,24809000000,34697000000,39953000000,35726000000,31459000000,37390000000,-2023000000,18089000000
Depreciation                  ,2507000000,3887000000,4656000000,5625000000,7601000000,11078000000,13389000000,16711000000,17905000000,21554000000,23591000000,21425000000
Pbitx                         , 42000000,5988000000,12822000000,16516000000,17208000000,23619000000,26564000000,19015000000,13554000000,15836000000,-25614000000,-3336000000

Pbitx                         , 42000000,5988000000,12822000000,16516000000,17208000000,23619000000,26564000000,19015000000,13554000000,15836000000,-25614000000,-3336000000
InterestExpense               ,2171000000,2465000000,2385000000,2982000000,3560000000,4749000000,4861000000,4889000000,4238000000,4682000000,5759000000,7243000000
Pbtx                          ,-2129000000,3523000000,10437000000,13534000000,13648000000,18870000000,21703000000,14126000000,9316000000,11154000000,-31373000000,-10579000000

Pbtx                          ,-2129000000,3523000000,10437000000,13534000000,13648000000,18870000000,21703000000,14126000000,9316000000,11154000000,-31373000000,-10579000000
Pbt                           ,-2129000000,3523000000,10437000000,13534000000,13648000000,18870000000,21703000000,14126000000,9316000000,11154000000,-31373000000,-10579000000

Pbt                           ,-2129000000,3523000000,10437000000,13534000000,13648000000,18870000000,21703000000,14126000000,9316000000,11154000000,-31373000000,-10579000000
TaxesCurrent                  ,376000000,952000000,1163000000, 18000000,3755000000,4879000000,7717000000,2547000000,1862000000,2165000000,-2547000000,1492000000
Pat                           ,-2505000000,2571000000,9274000000,13516000000,9893000000,13991000000,13986000000,11579000000,7454000000,8989000000,-28826000000,-12071000000

Pat                           ,-2505000000,2571000000,9274000000,13516000000,9893000000,13991000000,13986000000,11579000000,7454000000,8989000000,-28826000000,-12071000000
NetIncome                     ,-2505000000,2571000000,9274000000,13516000000,9893000000,13991000000,13986000000,11579000000,7454000000,8989000000,-28826000000,-12071000000

NetIncome                     ,-2505000000,2571000000,9274000000,13516000000,9893000000,13991000000,13986000000,11579000000,7454000000,8989000000,-28826000000,-12071000000
ContributionRetainedEarnings  ,-2505000000,2571000000,9274000000,13516000000,9893000000,13991000000,13986000000,11579000000,7454000000,8989000000,-28826000000,-12071000000

NetIncome                     ,-2505000000,2571000000,9274000000,13516000000,9893000000,13991000000,13986000000,11579000000,7454000000,8989000000,-28826000000,-12071000000
TotalComprehensiveIncome      ,-2505000000,2571000000,9274000000,13516000000,9893000000,13991000000,13986000000,11579000000,7454000000,8989000000,-28826000000,-12071000000



CASH FLOW - ANNUAL

Begin Date                    ,  2008-03,  2009-03,  2010-03,  2011-03,  2012-03,  2013-03,  2014-03,  2015-03,  2016-03,  2017-03,  2018-03,  2019-03
End Date                      ,  2009-03,  2010-03,  2011-03,  2012-03,  2013-03,  2014-03,  2015-03,  2016-03,  2017-03,  2018-03,  2019-03,  2020-03

ChangeCurrentLiabilities      ,         ,10075000000,5124000000,14516000000,14057000000,15205000000,15262000000,7429000000,21042000000,6899000000,-3464000000,-6168000000
AdjustmentsRetainedEarnings   ,         ,2465000000,2385000000,2982000000,3560000000,4749000000,4861000000,4889000000,4238000000,4682000000,5759000000,7243000000
ChangeCurrentAssets           ,         ,2797000000,8462000000,20170000000,11690000000,25996000000,-7554000000,343000000,18496000000,30131000000,-4302000000,-3013000000
ChangeLongTermAssets          ,         ,-963000000,-5467000000,-9813000000,-2211000000,-17092000000,-5609000000,12715000000,-5859000000,-24227000000,-29488000000,-22188000000
CashFlowOperations            ,         ,10706000000,4514000000,7141000000,8138000000,11050000000,33286000000,-740000000,12643000000,5677000000,36085000000,26276000000

ChangePPE                     ,         ,2849000000,-3096000000,5295000000,8426000000,2712000000,34339000000,-16618000000,15461000000,12331000000,54557000000,36071000000
ChangeInvestments             ,         ,962000000,325000000,6374000000,-153000000,1922000000,4650000000,8430000000,-3429000000,475000000,-5042000000,537000000
CashFlowInvestments           ,         ,-3811000000,2771000000,-11669000000,-8273000000,-4634000000,-38989000000,8188000000,-12032000000,-12806000000,-49515000000,-36608000000

StockSalesAndPurchase         ,         , 57000000, 64000000,        0,  3000000,  6000000,        0, 35000000,        0,        0,        0, 41000000
ChangeDebt                    ,         ,134000000,-2297000000,14338000000,6567000000,6926000000,12968000000,-4250000000,9244000000,10346000000,17225000000,18613000000
CashFlowInterests             ,         ,2465000000,2385000000,2982000000,3560000000,4749000000,4861000000,4889000000,4238000000,4682000000,5759000000,7243000000
CashFlowFinancing             ,         ,-2274000000,-4618000000,11356000000,3010000000,2183000000,8107000000,-9104000000,5006000000,5664000000,11466000000,11411000000

CashFlowOperations            ,         ,10706000000,4514000000,7141000000,8138000000,11050000000,33286000000,-740000000,12643000000,5677000000,36085000000,26276000000
CashFlowInvestments           ,         ,-3811000000,2771000000,-11669000000,-8273000000,-4634000000,-38989000000,8188000000,-12032000000,-12806000000,-49515000000,-36608000000
CashFlowFinancing             ,         ,-2274000000,-4618000000,11356000000,3010000000,2183000000,8107000000,-9104000000,5006000000,5664000000,11466000000,11411000000
NetCashFlow                   ,         ,4621000000,2667000000,6828000000,2875000000,8599000000,2404000000,-1656000000,5617000000,-1465000000,-1964000000,1079000000



PROFIT LOSS - QUARTERLY

Begin Date                    ,  2017-12,  2018-03,  2018-06,  2018-09,  2018-12,  2019-03,  2019-06,  2019-09,  2019-12,  2020-03,  2020-06,  2020-09
End Date                      ,  2018-03,  2018-06,  2018-09,  2018-12,  2019-03,  2019-06,  2019-09,  2019-12,  2020-03,  2020-06,  2020-09,  2020-12

OperatingRevenue              ,89929000000,66701000000,71981000000,76916000000,86422000000,61467000000,65432000000,71676000000,62493000000,31983000000,53530000000,75654000000
Revenue                       ,89929000000,66701000000,71981000000,76916000000,86422000000,61467000000,65432000000,71676000000,62493000000,31983000000,53530000000,75654000000

CostMaterial                  ,51219200000,40727700000,42146560000,46012850000,51747300000,38095850000,35674630000,41789800000,40173900000,19406000000,29883420000,40020120000
DirectExpenses                ,        0,        0,        0,        0,        0,        0,        0,        0,        0,        0,        0,        0
COGS                          ,51219200000,40727700000,42146560000,46012850000,51747300000,38095850000,35674630000,41789800000,40173900000,19406000000,29883420000,40020120000

Revenue                       ,89929000000,66701000000,71981000000,76916000000,86422000000,61467000000,65432000000,71676000000,62493000000,31983000000,53530000000,75654000000
COGS                          ,51219200000,40727700000,42146560000,46012850000,51747300000,38095850000,35674630000,41789800000,40173900000,19406000000,29883420000,40020120000
GrossProfit                   ,38709800000,25973300000,29834440000,30903150000,34674700000,23371150000,29757370000,29886200000,22319100000,12577000000,23646580000,35633880000

GrossProfit                   ,38709800000,25973300000,29834440000,30903150000,34674700000,23371150000,29757370000,29886200000,22319100000,12577000000,23646580000,35633880000
OtherIncome                   , 75000000,605000000,218000000,-27347000000,189000000,727000000,807000000,909000000,-2232000000,610000000,641000000,292000000
Salaries                      ,7202700000,8145540000,7243940000,7786790000,7056450000,7619170000,6433130000,7072120000,7416720000,5634000000,5692080000,6352400000
OtherExpenses                 ,21608100000,13784760000,16463500000,16989360000,19601250000,12893980000,16375240000,15430080000,14215380000,6260000000,11858500000,17151480000
Pbitda                        ,9974000000,4648000000,6345000000,-21220000000,8206000000,3585000000,7756000000,8293000000,-1545000000,1293000000,6737000000,12422000000

Pbitda                        ,9974000000,4648000000,6345000000,-21220000000,8206000000,3585000000,7756000000,8293000000,-1545000000,1293000000,6737000000,12422000000
Depreciation                  ,6488000000,5857000000,5941000000,6439000000,5353000000,5112000000,5300000000,5199000000,5815000000,5599000000,5601000000,6129000000
Pbitx                         ,3486000000,-1209000000,404000000,-27659000000,2853000000,-1527000000,2456000000,3094000000,-7360000000,-4306000000,1136000000,6293000000

Pbitx                         ,3486000000,-1209000000,404000000,-27659000000,2853000000,-1527000000,2456000000,3094000000,-7360000000,-4306000000,1136000000,6293000000
InterestExpense               ,1178000000,1375000000,1227000000,1568000000,1588000000,1712000000,1835000000,1744000000,1953000000,1877000000,1950000000,2126000000
Pbtx                          ,2308000000,-2584000000,-823000000,-29227000000,1265000000,-3239000000,621000000,1350000000,-9313000000,-6183000000,-814000000,4167000000

Pbtx                          ,2308000000,-2584000000,-823000000,-29227000000,1265000000,-3239000000,621000000,1350000000,-9313000000,-6183000000,-814000000,4167000000
Pbt                           ,2308000000,-2584000000,-823000000,-29227000000,1265000000,-3239000000,621000000,1350000000,-9313000000,-6183000000,-814000000,4167000000

Pbt                           ,2308000000,-2584000000,-823000000,-29227000000,1265000000,-3239000000,621000000,1350000000,-9313000000,-6183000000,-814000000,4167000000
TaxesCurrent                  ,183000000,-682000000,226000000,-2234000000,148000000,459000000,838000000,-388000000,581000000,2255000000,-500000000,1261000000
Pat                           ,2125000000,-1902000000,-1049000000,-26993000000,1117000000,-3698000000,-217000000,1738000000,-9894000000,-8438000000,-314000000,2906000000

Pat                           ,2125000000,-1902000000,-1049000000,-26993000000,1117000000,-3698000000,-217000000,1738000000,-9894000000,-8438000000,-314000000,2906000000
NetIncome                     ,2125000000,-1902000000,-1049000000,-26993000000,1117000000,-3698000000,-217000000,1738000000,-9894000000,-8438000000,-314000000,2906000000

NetIncome                     ,2125000000,-1902000000,-1049000000,-26993000000,1117000000,-3698000000,-217000000,1738000000,-9894000000,-8438000000,-314000000,2906000000
ContributionRetainedEarnings  ,2125000000,-1902000000,-1049000000,-26993000000,1117000000,-3698000000,-217000000,1738000000,-9894000000,-8438000000,-314000000,2906000000

NetIncome                     ,2125000000,-1902000000,-1049000000,-26993000000,1117000000,-3698000000,-217000000,1738000000,-9894000000,-8438000000,-314000000,2906000000
TotalComprehensiveIncome      ,2125000000,-1902000000,-1049000000,-26993000000,1117000000,-3698000000,-217000000,1738000000,-9894000000,-8438000000,-314000000,2906000000



CASH FLOW - QUARTERLY

Begin Date                    ,  2017-12,  2018-03,  2018-06,  2018-09,  2018-12,  2019-03,  2019-06,  2019-09,  2019-12,  2020-03,  2020-06,  2020-09
End Date                      ,  2018-03,  2018-06,  2018-09,  2018-12,  2019-03,  2019-06,  2019-09,  2019-12,  2020-03,  2020-06,  2020-09,  2020-12

ChangeCurrentLiabilities      ,         ,         ,         ,         ,         ,         ,         ,         ,         ,         ,         ,         
AdjustmentsRetainedEarnings   ,         ,         ,         ,         ,         ,         ,         ,         ,         ,         ,         ,         
ChangeCurrentAssets           ,         ,         ,         ,         ,         ,         ,         ,         ,         ,         ,         ,         
ChangeLongTermAssets          ,         ,         ,         ,         ,         ,         ,         ,         ,         ,         ,         ,         
CashFlowOperations            ,         ,         ,         ,         ,         ,         ,         ,         ,         ,         ,         ,         

ChangePPE                     ,         ,         ,         ,         ,         ,         ,         ,         ,         ,         ,         ,         
ChangeInvestments             ,         ,         ,         ,         ,         ,         ,         ,         ,         ,         ,         ,         
CashFlowInvestments           ,         ,         ,         ,         ,         ,         ,         ,         ,         ,         ,         ,         

StockSalesAndPurchase         ,         ,         ,         ,         ,         ,         ,         ,         ,         ,         ,         ,         
ChangeDebt                    ,         ,         ,         ,         ,         ,         ,         ,         ,         ,         ,         ,         
CashFlowInterests             ,         ,         ,         ,         ,         ,         ,         ,         ,         ,         ,         ,         
CashFlowFinancing             ,         ,         ,         ,         ,         ,         ,         ,         ,         ,         ,         ,         

CashFlowOperations            ,         ,         ,         ,         ,         ,         ,         ,         ,         ,         ,         ,         
CashFlowInvestments           ,         ,         ,         ,         ,         ,         ,         ,         ,         ,         ,         ,         
CashFlowFinancing             ,         ,         ,         ,         ,         ,         ,         ,         ,         ,         ,         ,         
NetCashFlow                   ,         ,         ,         ,         ,         ,         ,         ,         ,         ,         ,         ,         

